@String(PAMI = {IEEE Trans. Pattern Anal. Mach. Intell.})
@String(IJCV = {Int. J. Comput. Vis.})
@String(CVPR= {IEEE Conf. Comput. Vis. Pattern Recog.})
@String(ICCV= {Int. Conf. Comput. Vis.})
@String(ECCV= {Eur. Conf. Comput. Vis.})
@String(NIPS= {Adv. Neural Inform. Process. Syst.})
@String(ICPR = {Int. Conf. Pattern Recog.})
@String(BMVC= {Brit. Mach. Vis. Conf.})
@String(TOG= {ACM Trans. Graph.})
@String(TIP  = {IEEE Trans. Image Process.})
@String(TVCG  = {IEEE Trans. Vis. Comput. Graph.})
@String(TMM  = {IEEE Trans. Multimedia})
@String(ACMMM= {ACM Int. Conf. Multimedia})
@String(ICME = {Int. Conf. Multimedia and Expo})
@String(ICASSP=	{ICASSP})
@String(ICIP = {IEEE Int. Conf. Image Process.})
@String(ACCV  = {ACCV})
@String(ICLR = {Int. Conf. Learn. Represent.})
@String(IJCAI = {IJCAI})
@String(PR   = {Pattern Recognition})
@String(AAAI = {AAAI})
@String(CVPRW= {IEEE Conf. Comput. Vis. Pattern Recog. Worksh.})
@String(CSVT = {IEEE Trans. Circuit Syst. Video Technol.})

@String(SPL	= {IEEE Sign. Process. Letters})
@String(VR   = {Vis. Res.})
@String(JOV	 = {J. Vis.})
@String(TVC  = {The Vis. Comput.})
@String(JCST  = {J. Comput. Sci. Tech.})
@String(CGF  = {Comput. Graph. Forum})
@String(CVM = {Computational Visual Media})


@String(PAMI  = {IEEE TPAMI})
@String(IJCV  = {IJCV})
@String(CVPR  = {CVPR})
@String(ICCV  = {ICCV})
@String(ECCV  = {ECCV})
@String(NIPS  = {NeurIPS})
@String(ICPR  = {ICPR})
@String(BMVC  =	{BMVC})
@String(TOG   = {ACM TOG})
@String(TIP   = {IEEE TIP})
@String(TVCG  = {IEEE TVCG})
@String(TCSVT = {IEEE TCSVT})
@String(TMM   =	{IEEE TMM})
@String(ACMMM = {ACM MM})
@String(ICME  =	{ICME})
@String(ICASSP=	{ICASSP})
@String(ICIP  = {ICIP})
@String(ACCV  = {ACCV})
@String(ICLR  = {ICLR})
@String(IJCAI = {IJCAI})
@String(PR = {PR})
@String(AAAI = {AAAI})
@String(CVPRW= {CVPRW})
@String(CSVT = {IEEE TCSVT})



@misc{Authors14,
 author = {FirstName LastName},
 title = {The frobnicatable foo filter},
 note = {Face and Gesture submission ID 324. Supplied as supplemental material {\tt fg324.pdf}},
 year = 2014
}

@article{Basketball,
  title={Research on Basketball Shooting Action Based on Image Feature Extraction and Machine Learning},
  author={Rong Ji},
  journal={IEEE Access},
  year={2020},
  volume={8},
  pages={138743-138751}
}

@inproceedings{YOLO,
  author={Redmon, Joseph and Divvala, Santosh and Girshick, Ross and Farhadi, Ali},
  booktitle={2016 IEEE Conference on Computer Vision and Pattern Recognition (CVPR)}, 
  title={You Only Look Once: Unified, Real-Time Object Detection}, 
  year={2016},
  volume={},
  number={},
  pages={779-788},
  doi={10.1109/CVPR.2016.91}}

@inproceedings{DeepPos,
	doi = {10.1109/cvpr.2014.214},
  
	url = {https://doi.org/10.1109%2Fcvpr.2014.214},
  
	year = 2014,
	month = {jun},
  
	publisher = {{IEEE}
},
  
	author = {Alexander Toshev and Christian Szegedy},
  
	title = {{DeepPose}: Human Pose Estimation via Deep Neural Networks},
  
	booktitle = {2014 {IEEE} Conference on Computer Vision and Pattern Recognition}
}

@misc{OpenPose,
  doi = {10.48550/ARXIV.1812.08008},
  
  url = {https://arxiv.org/abs/1812.08008},
  
  author = {Cao, Zhe and Hidalgo, Gines and Simon, Tomas and Wei, Shih-En and Sheikh, Yaser},
  
  keywords = {Computer Vision and Pattern Recognition (cs.CV), FOS: Computer and information sciences, FOS: Computer and information sciences},
  
  title = {OpenPose: Realtime Multi-Person 2D Pose Estimation using Part Affinity Fields},
  
  publisher = {arXiv},
  
  year = {2018},
  
  copyright = {arXiv.org perpetual, non-exclusive license}
}

@misc{PoseNet,
  doi = {10.48550/ARXIV.1505.07427},
  
  url = {https://arxiv.org/abs/1505.07427},
  
  author = {Kendall, Alex and Grimes, Matthew and Cipolla, Roberto},
  
  keywords = {Computer Vision and Pattern Recognition (cs.CV), Neural and Evolutionary Computing (cs.NE), Robotics (cs.RO), FOS: Computer and information sciences, FOS: Computer and information sciences},
  
  title = {PoseNet: A Convolutional Network for Real-Time 6-DOF Camera Relocalization},
  
  publisher = {arXiv},
  
  year = {2015},
  
  copyright = {arXiv.org perpetual, non-exclusive license}
}

@misc{SignLang,
  doi = {10.48550/ARXIV.2008.04637},
  
  url = {https://arxiv.org/abs/2008.04637},
  
  author = {Moryossef, Amit and Tsochantaridis, Ioannis and Aharoni, Roee and Ebling, Sarah and Narayanan, Srini},
  
  keywords = {Computer Vision and Pattern Recognition (cs.CV), Computation and Language (cs.CL), FOS: Computer and information sciences, FOS: Computer and information sciences},
  
  title = {Real-Time Sign Language Detection using Human Pose Estimation},
  
  publisher = {arXiv},
  
  year = {2020},
  
  copyright = {Creative Commons Attribution 4.0 International}
}


@misc{MultiPose,
  doi = {10.48550/ARXIV.1612.00137},
  
  url = {https://arxiv.org/abs/1612.00137},
  
  author = {Fang, Hao-Shu and Xie, Shuqin and Tai, Yu-Wing and Lu, Cewu},
  
  keywords = {Computer Vision and Pattern Recognition (cs.CV), FOS: Computer and information sciences, FOS: Computer and information sciences},
  
  title = {RMPE: Regional Multi-person Pose Estimation},
  
  publisher = {arXiv},
  
  year = {2016},
  
  copyright = {arXiv.org perpetual, non-exclusive license}
}


@misc{DeepCut,
  doi = {10.48550/ARXIV.1511.06645},
  
  url = {https://arxiv.org/abs/1511.06645},
  
  author = {Pishchulin, Leonid and Insafutdinov, Eldar and Tang, Siyu and Andres, Bjoern and Andriluka, Mykhaylo and Gehler, Peter and Schiele, Bernt},
  
  keywords = {Computer Vision and Pattern Recognition (cs.CV), FOS: Computer and information sciences, FOS: Computer and information sciences},
  
  title = {DeepCut: Joint Subset Partition and Labeling for Multi Person Pose Estimation},
  
  publisher = {arXiv},
  
  year = {2015},
  
  copyright = {arXiv.org perpetual, non-exclusive license}
}

@misc{PatternRec,
  doi = {10.48550/ARXIV.1703.06870},
  
  url = {https://arxiv.org/abs/1703.06870},
  
  author = {He, Kaiming and Gkioxari, Georgia and Dollár, Piotr and Girshick, Ross},
  
  keywords = {Computer Vision and Pattern Recognition (cs.CV), FOS: Computer and information sciences, FOS: Computer and information sciences},
  
  title = {Mask R-CNN},
  
  publisher = {arXiv},
  
  year = {2017},
  
  copyright = {arXiv.org perpetual, non-exclusive license}
}


@misc{FeaturePyr,
  doi = {10.48550/ARXIV.1612.03144},
  
  url = {https://arxiv.org/abs/1612.03144},
  
  author = {Lin, Tsung-Yi and Dollár, Piotr and Girshick, Ross and He, Kaiming and Hariharan, Bharath and Belongie, Serge},
  
  keywords = {Computer Vision and Pattern Recognition (cs.CV), FOS: Computer and information sciences, FOS: Computer and information sciences},
  
  title = {Feature Pyramid Networks for Object Detection},
  
  publisher = {arXiv},
  
  year = {2016},
  
  copyright = {arXiv.org perpetual, non-exclusive license}
}

@article{Alpha,
  author    = {Haoshu Fang and
               Shuqin Xie and
               Cewu Lu},
  title     = {{RMPE:} Regional Multi-person Pose Estimation},
  journal   = {CoRR},
  volume    = {abs/1612.00137},
  year      = {2016},
  url       = {http://arxiv.org/abs/1612.00137},
  eprinttype = {arXiv},
  eprint    = {1612.00137},
  timestamp = {Mon, 13 Aug 2018 16:48:28 +0200},
  biburl    = {https://dblp.org/rec/journals/corr/FangXL16.bib},
  bibsource = {dblp computer science bibliography, https://dblp.org}
}

@inproceedings{FreeThrow,
author = {Rusdiana, Agus and Ray, Hamidie Ronald D and M Syahid, Angga and Putra, Yuvi},
year = {2020},
month = {01},
pages = {},
title = {The Effect of Fatigue on Free Throw Kinematic Movement in Basketball},
doi = {10.2991/ahsr.k.200214.104}
}

@misc{Datagen,
  author = {Datagen},
  title = {Pose Estimation: Concepts, Techniques, and How to Get Started},
  year = 2020
}

@misc{Viso,
  author       = {Viso.ai},
  title        = {Object Detection in 2022: The Definitive Guide},
  year         = 2020
}

@misc{Viso2,
  author       = {Viso.ai},
  title        = {Human Pose Estimation with Deep Learning the Ultimate Overview},
  year         = 2022
}

@misc{NYT,
  author       = {New York Times},
  title        = {Estimating 3D Poses of Athletes at Live Sporting Events},
  year         = 2020
}

@misc{YouTube,
  author       = {Nicholas Renotte},
  title        = {AI Pose Estimation with Python and MediaPipe | Plus AI Gym Tracker Project},
  year         = 2021
}

@article{catboost,
  author    = {Anna Veronika Dorogush and
               Andrey Gulin and
               Gleb Gusev and
               Nikita Kazeev and
               Liudmila Ostroumova Prokhorenkova and
               Aleksandr Vorobev},
  title     = {Fighting biases with dynamic boosting},
  journal   = {CoRR},
  volume    = {abs/1706.09516},
  year      = {2017},
  url       = {http://arxiv.org/abs/1706.09516},
  eprinttype = {arXiv},
  eprint    = {1706.09516},
  timestamp = {Mon, 13 Aug 2018 16:46:23 +0200},
  biburl    = {https://dblp.org/rec/journals/corr/DorogushGGKPV17.bib},
  bibsource = {dblp computer science bibliography, https://dblp.org}
}

@inproceedings{inproceedings,
author = {Evgeniou, Theodoros and Pontil, Massimiliano},
year = {2001},
month = {09},
pages = {249-257},
title = {Support Vector Machines: Theory and Applications},
volume = {2049},
isbn = {978-3-540-42490-1},
doi = {10.1007/3-540-44673-7_12}
}

@article{MURTAGH1991183,
title = {Multilayer perceptrons for classification and regression},
journal = {Neurocomputing},
volume = {2},
number = {5},
pages = {183-197},
year = {1991},
issn = {0925-2312},
doi = {https://doi.org/10.1016/0925-2312(91)90023-5},
url = {https://www.sciencedirect.com/science/article/pii/0925231291900235},
author = {Fionn Murtagh},
keywords = {Multilayer perceptron, discriminant analysis, supervised classification, regression, function approximation},
abstract = {We review the theory and practice of the multilayer perceptron. We aim at addressing a range of issues which are important from the point of view of applying this approach to practical problems. A number of examples are given, illustrating how the multilayer perceptron compares to alternative, conventional approaches. The application fields of classification and regression are especially considered. Questions of implementation, i.e. of multilayer perceptron architecture, dynamics, and related aspects, are discussed. Recent studies, which are particularly relevant to the areas of discriminant analysis, and function mapping, are cited.}
}

